@inproceedings{mann2023ADRIAN,
  author = {Zoltan A. Mann and Sven Smolka},
  title = {{ADRIAN}: Automated Decentralized Risk Analysis and mitigatioN},
  publisher = {Unpublished manuscript},
  year = {2023},
}
